%% This BibTeX bibliography file was created using BibDesk.
%% https://bibdesk.sourceforge.io/

%% Created for Evan Carpenter at 2021-11-18 09:33:34 -0500 


%% Saved with string encoding Unicode (UTF-8) 



@book{greenberg_1998,
	author = {Greenberg, Michael D.},
	isbn = {0-13-321431-1},
	place = {Upper Saddle River, NJ},
	publisher = {Prentice Hall},
	title = {Advanced Engineering Mathematics},
	year = {1998}}

@book{griffiths_2018,
	author = {Griffiths, David Jeffrey},
	doi = {10.1017%2F9781108333511},
	isbn = {978-1108420419},
	place = {Cambridge},
	publisher = {Cambridge University Press},
	title = {Introduction to Electrodynamics},
	year = {2017},
	bdsk-url-1 = {https://doi.org/10.1017%252F9781108333511}}

@book{pinsky_2011,
	author = {Pinsky, Mark A.},
	date-modified = {2021-11-18 09:33:34 -0500},
	isbn = {978-0821868898},
	note = {\sl I read an unreleased version published around 2003 that I found in a free book pile, but I'm citing the most recent version here.},
	place = {Providence},
	publisher = {American Mathematical Society},
	title = {Partial Differential Equations and Boundary-Value Problems with Applications},
	year = {2011}}
